<record xmlns="http://www.loc.gov/MARC21/slim" xmlns:xsi="http://www.w3.org/2001/XMLSchema-instance" xsi:schemaLocation="http://www.loc.gov/MARC21/slim http://www.loc.gov/standards/marcxml/schema/MARC21slim.xsd"><leader>01312nam a2200301   4500</leader><controlfield tag="001">001682802</controlfield><controlfield tag="003">NNU</controlfield><controlfield tag="006">m        d        </controlfield><controlfield tag="007">cr cn |||m|||a</controlfield><controlfield tag="008">140707s1947    ua      ob    000 0 araod</controlfield><datafield ind1=" " ind2=" " tag="040"><subfield code="a">NNU</subfield><subfield code="b">eng</subfield><subfield code="c">NNU</subfield></datafield><datafield ind1="1" ind2=" " tag="100"><subfield code="a">&#7716;usayn, &#7788;&#257;h&#257;,</subfield><subfield code="d">1889-1973.</subfield></datafield><datafield ind1="1" ind2="0" tag="245"><subfield code="a">F&#299; al-adab al-J&#257;hil&#299;</subfield><subfield code="h">[electronic resource] /</subfield><subfield code="c">&#7788;&#257;h&#257; &#7716;usayn.</subfield></datafield><datafield ind1=" " ind2=" " tag="250"><subfield code="a">al-&#7788;ab&#699;ah 4.</subfield></datafield><datafield ind1=" " ind2=" " tag="260"><subfield code="a">Misr :</subfield><subfield code="b">D&#257;r al-Ma&#699;&#257;rif,</subfield><subfield code="c">1947.</subfield></datafield><datafield ind1=" " ind2=" " tag="300"><subfield code="a">online resource (371 p.)</subfield></datafield><datafield ind1=" " ind2=" " tag="500"><subfield code="a">First published in 1926 as: F&#299; al-shi&#699;r al-J&#257;hil&#299;.</subfield></datafield><datafield ind1=" " ind2=" " tag="500"><subfield code="a">Part of the Arabic Collections Online (ACO) project, contributed by New York Univeristy Libraries.</subfield></datafield><datafield ind1=" " ind2=" " tag="504"><subfield code="a">Includes bibliographical references.</subfield></datafield><datafield ind1=" " ind2=" " tag="533"><subfield code="a">Electronic reproduction.</subfield><subfield code="b">New York, N.Y. :</subfield><subfield code="c">New York University,</subfield><subfield code="d">2014.</subfield><subfield code="5">NNU</subfield></datafield><datafield ind1=" " ind2="0" tag="650"><subfield code="a">Arabic poetry</subfield><subfield code="y">To 622</subfield><subfield code="x">History and criticism.</subfield></datafield><datafield ind1=" " ind2="0" tag="650"><subfield code="a">Arabic literature</subfield><subfield code="y">To 622</subfield><subfield code="x">History and criticism.</subfield></datafield><datafield ind1="1" ind2=" " tag="700"><subfield code="a">&#7716;usayn, &#7788;&#257;h&#257;,</subfield><subfield code="d">1889-1973.</subfield><subfield code="t">F&#299; al-shi&#699;r al-J&#257;hil&#299;.</subfield><subfield code="f">1947.</subfield></datafield><datafield ind1="2" ind2=" " tag="710"><subfield code="a">New York University.</subfield><subfield code="b">Libraries.</subfield></datafield><datafield ind1="0" ind2=" " tag="730"><subfield code="a">Arabic Collections Online.</subfield></datafield><datafield ind1="0" ind2="8" tag="776"><subfield code="i">Print version:</subfield><subfield code="a">&#7716;usayn, &#7788;&#257;h&#257;, 1889-1973.</subfield><subfield code="t">F&#299; al-adab al-J&#257;hil&#299;</subfield><subfield code="w">(NNU)001682802</subfield></datafield><datafield ind1="4" ind2="0" tag="856"><subfield code="u">http://hdl.handle.net/2333.1/3ffbg93q</subfield></datafield><datafield ind1=" " ind2=" " tag="959"><subfield code="a">NNU</subfield><subfield code="b">WEB</subfield><subfield code="c">GENI</subfield><subfield code="t">0</subfield><subfield code="m">Electronic access</subfield><subfield code="s">01</subfield></datafield></record>